%YAML 1.1
%TAG !u! tag:unity3d.com,2011:
--- !u!1 &2575231134138235074
GameObject:
  m_ObjectHideFlags: 0
  m_CorrespondingSourceObject: {fileID: 0}
  m_PrefabInstance: {fileID: 0}
  m_PrefabAsset: {fileID: 0}
  serializedVersion: 6
  m_Component:
  - component: {fileID: 2431881137065614400}
  - component: {fileID: 2608375442226611332}
  - component: {fileID: 4964395852107138356}
  - component: {fileID: 6962565383577895955}
  m_Layer: 5
  m_Name: Image
  m_TagString: Untagged
  m_Icon: {fileID: 0}
  m_NavMeshLayer: 0
  m_StaticEditorFlags: 0
  m_IsActive: 1
--- !u!224 &2431881137065614400
RectTransform:
  m_ObjectHideFlags: 0
  m_CorrespondingSourceObject: {fileID: 0}
  m_PrefabInstance: {fileID: 0}
  m_PrefabAsset: {fileID: 0}
  m_GameObject: {fileID: 2575231134138235074}
  m_LocalRotation: {x: 0, y: 0, z: 0, w: 1}
  m_LocalPosition: {x: 0, y: 0, z: 0}
  m_LocalScale: {x: 1, y: 1, z: 1}
  m_Children: []
  m_Father: {fileID: 7085212522417273252}
  m_RootOrder: 1
  m_LocalEulerAnglesHint: {x: 0, y: 0, z: 0}
  m_AnchorMin: {x: 1, y: 0.5}
  m_AnchorMax: {x: 1, y: 0.5}
  m_AnchoredPosition: {x: -20.8, y: 0}
  m_SizeDelta: {x: 35, y: 35}
  m_Pivot: {x: 1, y: 0.5}
--- !u!222 &2608375442226611332
CanvasRenderer:
  m_ObjectHideFlags: 0
  m_CorrespondingSourceObject: {fileID: 0}
  m_PrefabInstance: {fileID: 0}
  m_PrefabAsset: {fileID: 0}
  m_GameObject: {fileID: 2575231134138235074}
  m_CullTransparentMesh: 0
--- !u!114 &4964395852107138356
MonoBehaviour:
  m_ObjectHideFlags: 0
  m_CorrespondingSourceObject: {fileID: 0}
  m_PrefabInstance: {fileID: 0}
  m_PrefabAsset: {fileID: 0}
  m_GameObject: {fileID: 2575231134138235074}
  m_Enabled: 1
  m_EditorHideFlags: 0
  m_Script: {fileID: 11500000, guid: fe87c0e1cc204ed48ad3b37840f39efc, type: 3}
  m_Name: 
  m_EditorClassIdentifier: 
  m_Material: {fileID: 0}
  m_Color: {r: 1, g: 1, b: 1, a: 1}
  m_RaycastTarget: 1
  m_Maskable: 1
  m_OnCullStateChanged:
    m_PersistentCalls:
      m_Calls: []
  m_Sprite: {fileID: 21300000, guid: f342ce1c5f8bfa0418466d8ad6ad6723, type: 3}
  m_Type: 0
  m_PreserveAspect: 0
  m_FillCenter: 1
  m_FillMethod: 4
  m_FillAmount: 1
  m_FillClockwise: 1
  m_FillOrigin: 0
  m_UseSpriteMesh: 0
  m_PixelsPerUnitMultiplier: 1
--- !u!114 &6962565383577895955
MonoBehaviour:
  m_ObjectHideFlags: 0
  m_CorrespondingSourceObject: {fileID: 0}
  m_PrefabInstance: {fileID: 0}
  m_PrefabAsset: {fileID: 0}
  m_GameObject: {fileID: 2575231134138235074}
  m_Enabled: 1
  m_EditorHideFlags: 0
  m_Script: {fileID: 11500000, guid: 4e29b1a8efbd4b44bb3f3716e73f07ff, type: 3}
  m_Name: 
  m_EditorClassIdentifier: 
  m_Navigation:
    m_Mode: 3
    m_SelectOnUp: {fileID: 0}
    m_SelectOnDown: {fileID: 0}
    m_SelectOnLeft: {fileID: 0}
    m_SelectOnRight: {fileID: 0}
  m_Transition: 1
  m_Colors:
    m_NormalColor: {r: 1, g: 1, b: 1, a: 1}
    m_HighlightedColor: {r: 0.9607843, g: 0.9607843, b: 0.9607843, a: 1}
    m_PressedColor: {r: 0.78431374, g: 0.78431374, b: 0.78431374, a: 1}
    m_SelectedColor: {r: 0.9607843, g: 0.9607843, b: 0.9607843, a: 1}
    m_DisabledColor: {r: 0.78431374, g: 0.78431374, b: 0.78431374, a: 0.5019608}
    m_ColorMultiplier: 1
    m_FadeDuration: 0.1
  m_SpriteState:
    m_HighlightedSprite: {fileID: 0}
    m_PressedSprite: {fileID: 0}
    m_SelectedSprite: {fileID: 0}
    m_DisabledSprite: {fileID: 0}
  m_AnimationTriggers:
    m_NormalTrigger: Normal
    m_HighlightedTrigger: Highlighted
    m_PressedTrigger: Pressed
    m_SelectedTrigger: Selected
    m_DisabledTrigger: Disabled
  m_Interactable: 1
  m_TargetGraphic: {fileID: 4964395852107138356}
  m_OnClick:
    m_PersistentCalls:
      m_Calls:
      - m_Target: {fileID: 7160404030751104702}
        m_MethodName: SetActive
        m_Mode: 6
        m_Arguments:
          m_ObjectArgument: {fileID: 0}
          m_ObjectArgumentAssemblyTypeName: UnityEngine.Object, UnityEngine
          m_IntArgument: 0
          m_FloatArgument: 0
          m_StringArgument: 
          m_BoolArgument: 1
        m_CallState: 2
--- !u!1 &3144854333959502260
GameObject:
  m_ObjectHideFlags: 0
  m_CorrespondingSourceObject: {fileID: 0}
  m_PrefabInstance: {fileID: 0}
  m_PrefabAsset: {fileID: 0}
  serializedVersion: 6
  m_Component:
  - component: {fileID: 2997798568078180464}
  - component: {fileID: 7600141966273071476}
  m_Layer: 5
  m_Name: ModelList
  m_TagString: Untagged
  m_Icon: {fileID: 0}
  m_NavMeshLayer: 0
  m_StaticEditorFlags: 0
  m_IsActive: 1
--- !u!224 &2997798568078180464
RectTransform:
  m_ObjectHideFlags: 0
  m_CorrespondingSourceObject: {fileID: 0}
  m_PrefabInstance: {fileID: 0}
  m_PrefabAsset: {fileID: 0}
  m_GameObject: {fileID: 3144854333959502260}
  m_LocalRotation: {x: -0, y: -0, z: -0, w: 1}
  m_LocalPosition: {x: 0, y: 0, z: 0}
  m_LocalScale: {x: 1, y: 1, z: 1}
  m_Children:
  - {fileID: 8542908624121639845}
  - {fileID: 2569072813357620414}
  - {fileID: 6899206388559594536}
  m_Father: {fileID: 9010976132670632142}
  m_RootOrder: 1
  m_LocalEulerAnglesHint: {x: 0, y: 0, z: 0}
  m_AnchorMin: {x: 0, y: 1}
  m_AnchorMax: {x: 1, y: 1}
  m_AnchoredPosition: {x: 0, y: -239.4}
  m_SizeDelta: {x: -20, y: 307.6905}
  m_Pivot: {x: 0.5, y: 0.5}
--- !u!114 &7600141966273071476
MonoBehaviour:
  m_ObjectHideFlags: 0
  m_CorrespondingSourceObject: {fileID: 0}
  m_PrefabInstance: {fileID: 0}
  m_PrefabAsset: {fileID: 0}
  m_GameObject: {fileID: 3144854333959502260}
  m_Enabled: 1
  m_EditorHideFlags: 0
  m_Script: {fileID: 11500000, guid: 8a8695521f0d02e499659fee002a26c2, type: 3}
  m_Name: 
  m_EditorClassIdentifier: 
  m_Padding:
    m_Left: 10
    m_Right: 10
    m_Top: 10
    m_Bottom: 10
  m_ChildAlignment: 4
  m_StartCorner: 0
  m_StartAxis: 0
  m_CellSize: {x: 190, y: 230}
  m_Spacing: {x: 15, y: 20}
  m_Constraint: 0
  m_ConstraintCount: 2
--- !u!1 &3354078409452668818
GameObject:
  m_ObjectHideFlags: 0
  m_CorrespondingSourceObject: {fileID: 0}
  m_PrefabInstance: {fileID: 0}
  m_PrefabAsset: {fileID: 0}
  serializedVersion: 6
  m_Component:
  - component: {fileID: 4497713570834934542}
  - component: {fileID: 7311473747953639113}
  - component: {fileID: 3307409409055621244}
  m_Layer: 5
  m_Name: Bubble
  m_TagString: Untagged
  m_Icon: {fileID: 0}
  m_NavMeshLayer: 0
  m_StaticEditorFlags: 0
  m_IsActive: 1
--- !u!224 &4497713570834934542
RectTransform:
  m_ObjectHideFlags: 0
  m_CorrespondingSourceObject: {fileID: 0}
  m_PrefabInstance: {fileID: 0}
  m_PrefabAsset: {fileID: 0}
  m_GameObject: {fileID: 3354078409452668818}
  m_LocalRotation: {x: -0, y: -0, z: -0, w: 1}
  m_LocalPosition: {x: 0, y: 0, z: 0}
  m_LocalScale: {x: 1, y: 1, z: 1}
  m_Children:
  - {fileID: 8279581194307968378}
  m_Father: {fileID: 3275222847420978034}
  m_RootOrder: 0
  m_LocalEulerAnglesHint: {x: 0, y: 0, z: 0}
  m_AnchorMin: {x: 0, y: 0}
  m_AnchorMax: {x: 1, y: 1}
  m_AnchoredPosition: {x: -0.496521, y: -66.80104}
  m_SizeDelta: {x: -128.98663, y: -142}
  m_Pivot: {x: 1, y: 1}
--- !u!222 &7311473747953639113
CanvasRenderer:
  m_ObjectHideFlags: 0
  m_CorrespondingSourceObject: {fileID: 0}
  m_PrefabInstance: {fileID: 0}
  m_PrefabAsset: {fileID: 0}
  m_GameObject: {fileID: 3354078409452668818}
  m_CullTransparentMesh: 0
--- !u!114 &3307409409055621244
MonoBehaviour:
  m_ObjectHideFlags: 0
  m_CorrespondingSourceObject: {fileID: 0}
  m_PrefabInstance: {fileID: 0}
  m_PrefabAsset: {fileID: 0}
  m_GameObject: {fileID: 3354078409452668818}
  m_Enabled: 1
  m_EditorHideFlags: 0
  m_Script: {fileID: 11500000, guid: fe87c0e1cc204ed48ad3b37840f39efc, type: 3}
  m_Name: 
  m_EditorClassIdentifier: 
  m_Material: {fileID: 0}
  m_Color: {r: 1, g: 1, b: 1, a: 1}
  m_RaycastTarget: 1
  m_Maskable: 1
  m_OnCullStateChanged:
    m_PersistentCalls:
      m_Calls: []
  m_Sprite: {fileID: 21300000, guid: 559b4f846bf8463479245cdd142f5e9d, type: 3}
  m_Type: 1
  m_PreserveAspect: 0
  m_FillCenter: 1
  m_FillMethod: 4
  m_FillAmount: 1
  m_FillClockwise: 1
  m_FillOrigin: 0
  m_UseSpriteMesh: 0
  m_PixelsPerUnitMultiplier: 1
--- !u!1 &5020719222649623824
GameObject:
  m_ObjectHideFlags: 0
  m_CorrespondingSourceObject: {fileID: 0}
  m_PrefabInstance: {fileID: 0}
  m_PrefabAsset: {fileID: 0}
  serializedVersion: 6
  m_Component:
  - component: {fileID: 7085212522417273252}
  - component: {fileID: 2972746749163920587}
  - component: {fileID: 8760251570821861857}
  - component: {fileID: 8031201880315058339}
  m_Layer: 5
  m_Name: DailyTitle
  m_TagString: Untagged
  m_Icon: {fileID: 0}
  m_NavMeshLayer: 0
  m_StaticEditorFlags: 0
  m_IsActive: 1
--- !u!224 &7085212522417273252
RectTransform:
  m_ObjectHideFlags: 0
  m_CorrespondingSourceObject: {fileID: 0}
  m_PrefabInstance: {fileID: 0}
  m_PrefabAsset: {fileID: 0}
  m_GameObject: {fileID: 5020719222649623824}
  m_LocalRotation: {x: -0, y: -0, z: -0, w: 1}
  m_LocalPosition: {x: 0, y: 0, z: 0}
  m_LocalScale: {x: 1, y: 1, z: 1}
  m_Children:
  - {fileID: 5516362000767751804}
  - {fileID: 2431881137065614400}
  - {fileID: 3275222847420978034}
  m_Father: {fileID: 9010976132670632142}
  m_RootOrder: 0
  m_LocalEulerAnglesHint: {x: 0, y: 0, z: 0}
  m_AnchorMin: {x: 0.5, y: 1}
  m_AnchorMax: {x: 0.5, y: 1}
  m_AnchoredPosition: {x: 0, y: -50}
  m_SizeDelta: {x: 600, y: 45}
  m_Pivot: {x: 0.5, y: 0.5}
--- !u!222 &2972746749163920587
CanvasRenderer:
  m_ObjectHideFlags: 0
  m_CorrespondingSourceObject: {fileID: 0}
  m_PrefabInstance: {fileID: 0}
  m_PrefabAsset: {fileID: 0}
  m_GameObject: {fileID: 5020719222649623824}
  m_CullTransparentMesh: 0
--- !u!114 &8760251570821861857
MonoBehaviour:
  m_ObjectHideFlags: 0
  m_CorrespondingSourceObject: {fileID: 0}
  m_PrefabInstance: {fileID: 0}
  m_PrefabAsset: {fileID: 0}
  m_GameObject: {fileID: 5020719222649623824}
  m_Enabled: 1
  m_EditorHideFlags: 0
  m_Script: {fileID: 11500000, guid: fe87c0e1cc204ed48ad3b37840f39efc, type: 3}
  m_Name: 
  m_EditorClassIdentifier: 
  m_Material: {fileID: 0}
  m_Color: {r: 1, g: 1, b: 1, a: 1}
  m_RaycastTarget: 1
  m_Maskable: 1
  m_OnCullStateChanged:
    m_PersistentCalls:
      m_Calls: []
  m_Sprite: {fileID: 21300000, guid: 0e807b4d42c526f44aa2e5f09fa545b0, type: 3}
  m_Type: 1
  m_PreserveAspect: 0
  m_FillCenter: 1
  m_FillMethod: 4
  m_FillAmount: 1
  m_FillClockwise: 1
  m_FillOrigin: 0
  m_UseSpriteMesh: 0
  m_PixelsPerUnitMultiplier: 1
--- !u!95 &8031201880315058339
Animator:
  serializedVersion: 3
  m_ObjectHideFlags: 0
  m_CorrespondingSourceObject: {fileID: 0}
  m_PrefabInstance: {fileID: 0}
  m_PrefabAsset: {fileID: 0}
  m_GameObject: {fileID: 5020719222649623824}
  m_Enabled: 1
  m_Avatar: {fileID: 0}
  m_Controller: {fileID: 9100000, guid: 357c1132b2984af4bb86fe2d206015a3, type: 2}
  m_CullingMode: 0
  m_UpdateMode: 0
  m_ApplyRootMotion: 0
  m_LinearVelocityBlending: 0
  m_WarningMessage: 
  m_HasTransformHierarchy: 1
  m_AllowConstantClipSamplingOptimization: 1
  m_KeepAnimatorControllerStateOnDisable: 0
--- !u!1 &5778383776357143860
GameObject:
  m_ObjectHideFlags: 0
  m_CorrespondingSourceObject: {fileID: 0}
  m_PrefabInstance: {fileID: 0}
  m_PrefabAsset: {fileID: 0}
  serializedVersion: 6
  m_Component:
  - component: {fileID: 8279581194307968378}
  - component: {fileID: 8094986654778412082}
  - component: {fileID: 8566513139066981691}
  m_Layer: 5
  m_Name: BubbleText
  m_TagString: Untagged
  m_Icon: {fileID: 0}
  m_NavMeshLayer: 0
  m_StaticEditorFlags: 0
  m_IsActive: 1
--- !u!224 &8279581194307968378
RectTransform:
  m_ObjectHideFlags: 0
  m_CorrespondingSourceObject: {fileID: 0}
  m_PrefabInstance: {fileID: 0}
  m_PrefabAsset: {fileID: 0}
  m_GameObject: {fileID: 5778383776357143860}
  m_LocalRotation: {x: 0, y: 0, z: 0, w: 1}
  m_LocalPosition: {x: 0, y: 0, z: 0}
  m_LocalScale: {x: 1, y: 1, z: 1}
  m_Children: []
  m_Father: {fileID: 4497713570834934542}
  m_RootOrder: 0
  m_LocalEulerAnglesHint: {x: 0, y: 0, z: 0}
  m_AnchorMin: {x: 0, y: 0}
  m_AnchorMax: {x: 1, y: 1}
  m_AnchoredPosition: {x: 0, y: -2.77}
  m_SizeDelta: {x: 0, y: -5.534668}
  m_Pivot: {x: 0.5, y: 0.5}
--- !u!222 &8094986654778412082
CanvasRenderer:
  m_ObjectHideFlags: 0
  m_CorrespondingSourceObject: {fileID: 0}
  m_PrefabInstance: {fileID: 0}
  m_PrefabAsset: {fileID: 0}
  m_GameObject: {fileID: 5778383776357143860}
  m_CullTransparentMesh: 0
--- !u!114 &8566513139066981691
MonoBehaviour:
  m_ObjectHideFlags: 0
  m_CorrespondingSourceObject: {fileID: 0}
  m_PrefabInstance: {fileID: 0}
  m_PrefabAsset: {fileID: 0}
  m_GameObject: {fileID: 5778383776357143860}
  m_Enabled: 1
  m_EditorHideFlags: 0
  m_Script: {fileID: 11500000, guid: 5f7201a12d95ffc409449d95f23cf332, type: 3}
  m_Name: 
  m_EditorClassIdentifier: 
  m_Material: {fileID: 0}
  m_Color: {r: 1, g: 1, b: 1, a: 1}
  m_RaycastTarget: 1
  m_Maskable: 1
  m_OnCullStateChanged:
    m_PersistentCalls:
      m_Calls: []
  m_FontData:
    m_Font: {fileID: 12800000, guid: 9a08b52a441939240a4d0b10384c1799, type: 3}
    m_FontSize: 14
    m_FontStyle: 0
    m_BestFit: 0
    m_MinSize: 10
    m_MaxSize: 40
    m_Alignment: 4
    m_AlignByGeometry: 0
    m_RichText: 1
    m_HorizontalOverflow: 0
    m_VerticalOverflow: 0
    m_LineSpacing: 1
  m_Text: "\uC77C\uC77C \uC0C1\uC810\uACFC \uC2B9\uAE09 \uB4F1\uC5D0 \uC0AC\uC6A9\uB418\uB294
    \uC7AC\uD654\uC785\uB2C8\uB2E4."
--- !u!1 &7160404030751104702
GameObject:
  m_ObjectHideFlags: 0
  m_CorrespondingSourceObject: {fileID: 0}
  m_PrefabInstance: {fileID: 0}
  m_PrefabAsset: {fileID: 0}
  serializedVersion: 6
  m_Component:
  - component: {fileID: 3275222847420978034}
  - component: {fileID: 4170915484921101348}
  - component: {fileID: 5245158502935170934}
  - component: {fileID: 7445920702236257663}
  m_Layer: 5
  m_Name: InfoDetailBase
  m_TagString: Untagged
  m_Icon: {fileID: 0}
  m_NavMeshLayer: 0
  m_StaticEditorFlags: 0
  m_IsActive: 0
--- !u!224 &3275222847420978034
RectTransform:
  m_ObjectHideFlags: 0
  m_CorrespondingSourceObject: {fileID: 0}
  m_PrefabInstance: {fileID: 0}
  m_PrefabAsset: {fileID: 0}
  m_GameObject: {fileID: 7160404030751104702}
  m_LocalRotation: {x: -0, y: -0, z: -0, w: 1}
  m_LocalPosition: {x: 0, y: 0, z: 0}
  m_LocalScale: {x: 1, y: 1, z: 1}
  m_Children:
  - {fileID: 4497713570834934542}
  m_Father: {fileID: 7085212522417273252}
  m_RootOrder: 2
  m_LocalEulerAnglesHint: {x: 0, y: 0, z: 0}
  m_AnchorMin: {x: 1, y: 1}
  m_AnchorMax: {x: 1, y: 1}
  m_AnchoredPosition: {x: -210.4, y: -67}
  m_SizeDelta: {x: 447.2127, y: 182.37271}
  m_Pivot: {x: 0.5, y: 0.5}
--- !u!222 &4170915484921101348
CanvasRenderer:
  m_ObjectHideFlags: 0
  m_CorrespondingSourceObject: {fileID: 0}
  m_PrefabInstance: {fileID: 0}
  m_PrefabAsset: {fileID: 0}
  m_GameObject: {fileID: 7160404030751104702}
  m_CullTransparentMesh: 0
--- !u!114 &5245158502935170934
MonoBehaviour:
  m_ObjectHideFlags: 0
  m_CorrespondingSourceObject: {fileID: 0}
  m_PrefabInstance: {fileID: 0}
  m_PrefabAsset: {fileID: 0}
  m_GameObject: {fileID: 7160404030751104702}
  m_Enabled: 1
  m_EditorHideFlags: 0
  m_Script: {fileID: 11500000, guid: fe87c0e1cc204ed48ad3b37840f39efc, type: 3}
  m_Name: 
  m_EditorClassIdentifier: 
  m_Material: {fileID: 0}
  m_Color: {r: 1, g: 1, b: 1, a: 0}
  m_RaycastTarget: 1
  m_Maskable: 1
  m_OnCullStateChanged:
    m_PersistentCalls:
      m_Calls: []
  m_Sprite: {fileID: 0}
  m_Type: 0
  m_PreserveAspect: 0
  m_FillCenter: 1
  m_FillMethod: 4
  m_FillAmount: 1
  m_FillClockwise: 1
  m_FillOrigin: 0
  m_UseSpriteMesh: 0
  m_PixelsPerUnitMultiplier: 1
--- !u!114 &7445920702236257663
MonoBehaviour:
  m_ObjectHideFlags: 0
  m_CorrespondingSourceObject: {fileID: 0}
  m_PrefabInstance: {fileID: 0}
  m_PrefabAsset: {fileID: 0}
  m_GameObject: {fileID: 7160404030751104702}
  m_Enabled: 1
  m_EditorHideFlags: 0
  m_Script: {fileID: 11500000, guid: 4e29b1a8efbd4b44bb3f3716e73f07ff, type: 3}
  m_Name: 
  m_EditorClassIdentifier: 
  m_Navigation:
    m_Mode: 3
    m_SelectOnUp: {fileID: 0}
    m_SelectOnDown: {fileID: 0}
    m_SelectOnLeft: {fileID: 0}
    m_SelectOnRight: {fileID: 0}
  m_Transition: 1
  m_Colors:
    m_NormalColor: {r: 1, g: 1, b: 1, a: 1}
    m_HighlightedColor: {r: 0.9607843, g: 0.9607843, b: 0.9607843, a: 1}
    m_PressedColor: {r: 0.78431374, g: 0.78431374, b: 0.78431374, a: 1}
    m_SelectedColor: {r: 0.9607843, g: 0.9607843, b: 0.9607843, a: 1}
    m_DisabledColor: {r: 0.78431374, g: 0.78431374, b: 0.78431374, a: 0.5019608}
    m_ColorMultiplier: 1
    m_FadeDuration: 0.1
  m_SpriteState:
    m_HighlightedSprite: {fileID: 0}
    m_PressedSprite: {fileID: 0}
    m_SelectedSprite: {fileID: 0}
    m_DisabledSprite: {fileID: 0}
  m_AnimationTriggers:
    m_NormalTrigger: Normal
    m_HighlightedTrigger: Highlighted
    m_PressedTrigger: Pressed
    m_SelectedTrigger: Selected
    m_DisabledTrigger: Disabled
  m_Interactable: 1
  m_TargetGraphic: {fileID: 5245158502935170934}
  m_OnClick:
    m_PersistentCalls:
      m_Calls:
      - m_Target: {fileID: 7160404030751104702}
        m_MethodName: SetActive
        m_Mode: 6
        m_Arguments:
          m_ObjectArgument: {fileID: 0}
          m_ObjectArgumentAssemblyTypeName: UnityEngine.Object, UnityEngine
          m_IntArgument: 0
          m_FloatArgument: 0
          m_StringArgument: 
          m_BoolArgument: 0
        m_CallState: 2
--- !u!1 &7524511182030062239
GameObject:
  m_ObjectHideFlags: 0
  m_CorrespondingSourceObject: {fileID: 0}
  m_PrefabInstance: {fileID: 0}
  m_PrefabAsset: {fileID: 0}
  serializedVersion: 6
  m_Component:
  - component: {fileID: 9010976132670632142}
  - component: {fileID: 3616468490287441634}
  - component: {fileID: 7318599678950361919}
  m_Layer: 5
  m_Name: GoldShopUI_New
  m_TagString: Untagged
  m_Icon: {fileID: 0}
  m_NavMeshLayer: 0
  m_StaticEditorFlags: 0
  m_IsActive: 1
--- !u!224 &9010976132670632142
RectTransform:
  m_ObjectHideFlags: 0
  m_CorrespondingSourceObject: {fileID: 0}
  m_PrefabInstance: {fileID: 0}
  m_PrefabAsset: {fileID: 0}
  m_GameObject: {fileID: 7524511182030062239}
  m_LocalRotation: {x: 0, y: 0, z: 0, w: 1}
  m_LocalPosition: {x: 0, y: 0, z: 0}
  m_LocalScale: {x: 1, y: 1, z: 1}
  m_Children:
  - {fileID: 7085212522417273252}
  - {fileID: 2997798568078180464}
  m_Father: {fileID: 0}
  m_RootOrder: 0
  m_LocalEulerAnglesHint: {x: 0, y: 0, z: 0}
  m_AnchorMin: {x: 0, y: 0}
  m_AnchorMax: {x: 0, y: 0}
  m_AnchoredPosition: {x: 0, y: 0}
  m_SizeDelta: {x: 0, y: 427.22473}
  m_Pivot: {x: 0.5, y: 0.5}
--- !u!114 &3616468490287441634
MonoBehaviour:
  m_ObjectHideFlags: 0
  m_CorrespondingSourceObject: {fileID: 0}
  m_PrefabInstance: {fileID: 0}
  m_PrefabAsset: {fileID: 0}
  m_GameObject: {fileID: 7524511182030062239}
  m_Enabled: 1
  m_EditorHideFlags: 0
  m_Script: {fileID: 11500000, guid: d91d55051ee81a4449aa7fd44c6ec700, type: 3}
  m_Name: 
  m_EditorClassIdentifier: 
  _packageIndex: 3
--- !u!95 &7318599678950361919
Animator:
  serializedVersion: 3
  m_ObjectHideFlags: 0
  m_CorrespondingSourceObject: {fileID: 0}
  m_PrefabInstance: {fileID: 0}
  m_PrefabAsset: {fileID: 0}
  m_GameObject: {fileID: 7524511182030062239}
  m_Enabled: 1
  m_Avatar: {fileID: 0}
  m_Controller: {fileID: 9100000, guid: 357c1132b2984af4bb86fe2d206015a3, type: 2}
  m_CullingMode: 0
  m_UpdateMode: 0
  m_ApplyRootMotion: 0
  m_LinearVelocityBlending: 0
  m_WarningMessage: 
  m_HasTransformHierarchy: 1
  m_AllowConstantClipSamplingOptimization: 1
  m_KeepAnimatorControllerStateOnDisable: 0
--- !u!1 &8572017732310381853
GameObject:
  m_ObjectHideFlags: 0
  m_CorrespondingSourceObject: {fileID: 0}
  m_PrefabInstance: {fileID: 0}
  m_PrefabAsset: {fileID: 0}
  serializedVersion: 6
  m_Component:
  - component: {fileID: 5516362000767751804}
  - component: {fileID: 2055918113373905405}
  - component: {fileID: 2255134658264433256}
  - component: {fileID: 6890337243467558205}
  m_Layer: 5
  m_Name: Text
  m_TagString: Untagged
  m_Icon: {fileID: 0}
  m_NavMeshLayer: 0
  m_StaticEditorFlags: 0
  m_IsActive: 1
--- !u!224 &5516362000767751804
RectTransform:
  m_ObjectHideFlags: 0
  m_CorrespondingSourceObject: {fileID: 0}
  m_PrefabInstance: {fileID: 0}
  m_PrefabAsset: {fileID: 0}
  m_GameObject: {fileID: 8572017732310381853}
  m_LocalRotation: {x: 0, y: 0, z: 0, w: 1}
  m_LocalPosition: {x: 0, y: 0, z: 0}
  m_LocalScale: {x: 1, y: 1, z: 1}
  m_Children: []
  m_Father: {fileID: 7085212522417273252}
  m_RootOrder: 0
  m_LocalEulerAnglesHint: {x: 0, y: 0, z: 0}
  m_AnchorMin: {x: 0, y: 0.5}
  m_AnchorMax: {x: 1, y: 0.5}
  m_AnchoredPosition: {x: 0, y: 2}
  m_SizeDelta: {x: 0, y: 40}
  m_Pivot: {x: 0.5, y: 0.5}
--- !u!222 &2055918113373905405
CanvasRenderer:
  m_ObjectHideFlags: 0
  m_CorrespondingSourceObject: {fileID: 0}
  m_PrefabInstance: {fileID: 0}
  m_PrefabAsset: {fileID: 0}
  m_GameObject: {fileID: 8572017732310381853}
  m_CullTransparentMesh: 0
--- !u!114 &2255134658264433256
MonoBehaviour:
  m_ObjectHideFlags: 0
  m_CorrespondingSourceObject: {fileID: 0}
  m_PrefabInstance: {fileID: 0}
  m_PrefabAsset: {fileID: 0}
  m_GameObject: {fileID: 8572017732310381853}
  m_Enabled: 1
  m_EditorHideFlags: 0
  m_Script: {fileID: 11500000, guid: 5f7201a12d95ffc409449d95f23cf332, type: 3}
  m_Name: 
  m_EditorClassIdentifier: 
  m_Material: {fileID: 0}
  m_Color: {r: 1, g: 1, b: 1, a: 1}
  m_RaycastTarget: 1
  m_Maskable: 1
  m_OnCullStateChanged:
    m_PersistentCalls:
      m_Calls: []
  m_FontData:
    m_Font: {fileID: 12800000, guid: 9a08b52a441939240a4d0b10384c1799, type: 3}
    m_FontSize: 14
    m_FontStyle: 0
    m_BestFit: 1
    m_MinSize: 10
    m_MaxSize: 40
    m_Alignment: 4
    m_AlignByGeometry: 0
    m_RichText: 1
    m_HorizontalOverflow: 0
    m_VerticalOverflow: 0
    m_LineSpacing: 1
  m_Text: "\uACE8\uB4DC"
--- !u!114 &6890337243467558205
MonoBehaviour:
  m_ObjectHideFlags: 0
  m_CorrespondingSourceObject: {fileID: 0}
  m_PrefabInstance: {fileID: 0}
  m_PrefabAsset: {fileID: 0}
  m_GameObject: {fileID: 8572017732310381853}
  m_Enabled: 1
  m_EditorHideFlags: 0
  m_Script: {fileID: 11500000, guid: c2c41efed58d4ce4fa2a96fbd530f09c, type: 3}
  m_Name: 
  m_EditorClassIdentifier: 
  m_EffectColor: {r: 0, g: 0, b: 0, a: 1}
  m_EffectDistance: {x: 2.5, y: 2.5}
  m_UseGraphicAlpha: 0
  m_halfSampleCountX: 2
  m_halfSampleCountY: 2
--- !u!1001 &1504766374823058513
PrefabInstance:
  m_ObjectHideFlags: 0
  serializedVersion: 2
  m_Modification:
    m_TransformParent: {fileID: 2997798568078180464}
    m_Modifications:
    - target: {fileID: 241261432774768593, guid: c43323f6aa9cca4428862625234b175c,
        type: 3}
      propertyPath: m_Name
      value: ShopItemSlot
      objectReference: {fileID: 0}
    - target: {fileID: 1222877454350805394, guid: c43323f6aa9cca4428862625234b175c,
        type: 3}
      propertyPath: m_Sprite
      value: 
      objectReference: {fileID: 21300000, guid: 8266d43806431244ab20e4ea0747f512,
        type: 3}
    - target: {fileID: 2673230546620795704, guid: c43323f6aa9cca4428862625234b175c,
        type: 3}
      propertyPath: m_AnchoredPosition.y
      value: 7.5
      objectReference: {fileID: 0}
    - target: {fileID: 4994170042018427886, guid: c43323f6aa9cca4428862625234b175c,
        type: 3}
      propertyPath: _shopId
      value: 5001
      objectReference: {fileID: 0}
    - target: {fileID: 4994170042018427886, guid: c43323f6aa9cca4428862625234b175c,
        type: 3}
      propertyPath: _itemCategory
      value: 1
      objectReference: {fileID: 0}
    - target: {fileID: 4994170042018427886, guid: c43323f6aa9cca4428862625234b175c,
        type: 3}
      propertyPath: _itemCount
      value: 1000
      objectReference: {fileID: 0}
    - target: {fileID: 4994170042018427886, guid: c43323f6aa9cca4428862625234b175c,
        type: 3}
      propertyPath: _goods
      value: 2
      objectReference: {fileID: 0}
    - target: {fileID: 4994170042018427886, guid: c43323f6aa9cca4428862625234b175c,
        type: 3}
      propertyPath: _price
      value: 60
      objectReference: {fileID: 0}
    - target: {fileID: 4994170042018427886, guid: c43323f6aa9cca4428862625234b175c,
        type: 3}
      propertyPath: _itemId
      value: 1
      objectReference: {fileID: 0}
    - target: {fileID: 7092187730555432948, guid: c43323f6aa9cca4428862625234b175c,
        type: 3}
      propertyPath: m_LocalPosition.x
      value: 0
      objectReference: {fileID: 0}
    - target: {fileID: 7092187730555432948, guid: c43323f6aa9cca4428862625234b175c,
        type: 3}
      propertyPath: m_LocalPosition.y
      value: 0
      objectReference: {fileID: 0}
    - target: {fileID: 7092187730555432948, guid: c43323f6aa9cca4428862625234b175c,
        type: 3}
      propertyPath: m_LocalPosition.z
      value: 0
      objectReference: {fileID: 0}
    - target: {fileID: 7092187730555432948, guid: c43323f6aa9cca4428862625234b175c,
        type: 3}
      propertyPath: m_LocalRotation.x
      value: -0
      objectReference: {fileID: 0}
    - target: {fileID: 7092187730555432948, guid: c43323f6aa9cca4428862625234b175c,
        type: 3}
      propertyPath: m_LocalRotation.y
      value: -0
      objectReference: {fileID: 0}
    - target: {fileID: 7092187730555432948, guid: c43323f6aa9cca4428862625234b175c,
        type: 3}
      propertyPath: m_LocalRotation.z
      value: -0
      objectReference: {fileID: 0}
    - target: {fileID: 7092187730555432948, guid: c43323f6aa9cca4428862625234b175c,
        type: 3}
      propertyPath: m_LocalRotation.w
      value: 1
      objectReference: {fileID: 0}
    - target: {fileID: 7092187730555432948, guid: c43323f6aa9cca4428862625234b175c,
        type: 3}
      propertyPath: m_RootOrder
      value: 0
      objectReference: {fileID: 0}
    - target: {fileID: 7092187730555432948, guid: c43323f6aa9cca4428862625234b175c,
        type: 3}
      propertyPath: m_LocalEulerAnglesHint.x
      value: 0
      objectReference: {fileID: 0}
    - target: {fileID: 7092187730555432948, guid: c43323f6aa9cca4428862625234b175c,
        type: 3}
      propertyPath: m_LocalEulerAnglesHint.y
      value: 0
      objectReference: {fileID: 0}
    - target: {fileID: 7092187730555432948, guid: c43323f6aa9cca4428862625234b175c,
        type: 3}
      propertyPath: m_LocalEulerAnglesHint.z
      value: 0
      objectReference: {fileID: 0}
    - target: {fileID: 7092187730555432948, guid: c43323f6aa9cca4428862625234b175c,
        type: 3}
      propertyPath: m_AnchoredPosition.x
      value: 0
      objectReference: {fileID: 0}
    - target: {fileID: 7092187730555432948, guid: c43323f6aa9cca4428862625234b175c,
        type: 3}
      propertyPath: m_AnchoredPosition.y
      value: 0
      objectReference: {fileID: 0}
    - target: {fileID: 7092187730555432948, guid: c43323f6aa9cca4428862625234b175c,
        type: 3}
      propertyPath: m_SizeDelta.x
      value: 0
      objectReference: {fileID: 0}
    - target: {fileID: 7092187730555432948, guid: c43323f6aa9cca4428862625234b175c,
        type: 3}
      propertyPath: m_SizeDelta.y
      value: 0
      objectReference: {fileID: 0}
    - target: {fileID: 7092187730555432948, guid: c43323f6aa9cca4428862625234b175c,
        type: 3}
      propertyPath: m_AnchorMin.x
      value: 0
      objectReference: {fileID: 0}
    - target: {fileID: 7092187730555432948, guid: c43323f6aa9cca4428862625234b175c,
        type: 3}
      propertyPath: m_AnchorMin.y
      value: 0
      objectReference: {fileID: 0}
    - target: {fileID: 7092187730555432948, guid: c43323f6aa9cca4428862625234b175c,
        type: 3}
      propertyPath: m_AnchorMax.x
      value: 0
      objectReference: {fileID: 0}
    - target: {fileID: 7092187730555432948, guid: c43323f6aa9cca4428862625234b175c,
        type: 3}
      propertyPath: m_AnchorMax.y
      value: 0
      objectReference: {fileID: 0}
    - target: {fileID: 7092187730555432948, guid: c43323f6aa9cca4428862625234b175c,
        type: 3}
      propertyPath: m_Pivot.x
      value: 0.5
      objectReference: {fileID: 0}
    - target: {fileID: 7092187730555432948, guid: c43323f6aa9cca4428862625234b175c,
        type: 3}
      propertyPath: m_Pivot.y
      value: 0.5
      objectReference: {fileID: 0}
    - target: {fileID: 7531997912157299779, guid: c43323f6aa9cca4428862625234b175c,
        type: 3}
      propertyPath: m_AnchoredPosition.y
      value: 26.284
      objectReference: {fileID: 0}
    - target: {fileID: 7531997912157299779, guid: c43323f6aa9cca4428862625234b175c,
        type: 3}
      propertyPath: m_SizeDelta.y
      value: 52.56888
      objectReference: {fileID: 0}
    - target: {fileID: 7745604712189290595, guid: c43323f6aa9cca4428862625234b175c,
        type: 3}
      propertyPath: m_AnchoredPosition.y
      value: -20.000008
      objectReference: {fileID: 0}
    m_RemovedComponents: []
  m_SourcePrefab: {fileID: 100100000, guid: c43323f6aa9cca4428862625234b175c, type: 3}
--- !u!224 &8542908624121639845 stripped
RectTransform:
  m_CorrespondingSourceObject: {fileID: 7092187730555432948, guid: c43323f6aa9cca4428862625234b175c,
    type: 3}
  m_PrefabInstance: {fileID: 1504766374823058513}
  m_PrefabAsset: {fileID: 0}
--- !u!1001 &4454733491435776988
PrefabInstance:
  m_ObjectHideFlags: 0
  serializedVersion: 2
  m_Modification:
    m_TransformParent: {fileID: 2997798568078180464}
    m_Modifications:
    - target: {fileID: 241261432774768593, guid: c43323f6aa9cca4428862625234b175c,
        type: 3}
      propertyPath: m_Name
      value: ShopItemSlot (2)
      objectReference: {fileID: 0}
    - target: {fileID: 1222877454350805394, guid: c43323f6aa9cca4428862625234b175c,
        type: 3}
      propertyPath: m_Sprite
      value: 
      objectReference: {fileID: 21300000, guid: 8266d43806431244ab20e4ea0747f512,
        type: 3}
    - target: {fileID: 2673230546620795704, guid: c43323f6aa9cca4428862625234b175c,
        type: 3}
      propertyPath: m_AnchoredPosition.y
      value: 7.5
      objectReference: {fileID: 0}
    - target: {fileID: 4994170042018427886, guid: c43323f6aa9cca4428862625234b175c,
        type: 3}
      propertyPath: _shopId
      value: 5003
      objectReference: {fileID: 0}
    - target: {fileID: 4994170042018427886, guid: c43323f6aa9cca4428862625234b175c,
        type: 3}
      propertyPath: _itemCategory
      value: 1
      objectReference: {fileID: 0}
    - target: {fileID: 4994170042018427886, guid: c43323f6aa9cca4428862625234b175c,
        type: 3}
      propertyPath: _itemCount
      value: 100000
      objectReference: {fileID: 0}
    - target: {fileID: 4994170042018427886, guid: c43323f6aa9cca4428862625234b175c,
        type: 3}
      propertyPath: _goods
      value: 2
      objectReference: {fileID: 0}
    - target: {fileID: 4994170042018427886, guid: c43323f6aa9cca4428862625234b175c,
        type: 3}
      propertyPath: _price
      value: 4500
      objectReference: {fileID: 0}
    - target: {fileID: 4994170042018427886, guid: c43323f6aa9cca4428862625234b175c,
        type: 3}
      propertyPath: _itemId
      value: 1
      objectReference: {fileID: 0}
    - target: {fileID: 7092187730555432948, guid: c43323f6aa9cca4428862625234b175c,
        type: 3}
      propertyPath: m_LocalPosition.x
      value: 0
      objectReference: {fileID: 0}
    - target: {fileID: 7092187730555432948, guid: c43323f6aa9cca4428862625234b175c,
        type: 3}
      propertyPath: m_LocalPosition.y
      value: 0
      objectReference: {fileID: 0}
    - target: {fileID: 7092187730555432948, guid: c43323f6aa9cca4428862625234b175c,
        type: 3}
      propertyPath: m_LocalPosition.z
      value: 0
      objectReference: {fileID: 0}
    - target: {fileID: 7092187730555432948, guid: c43323f6aa9cca4428862625234b175c,
        type: 3}
      propertyPath: m_LocalRotation.x
      value: -0
      objectReference: {fileID: 0}
    - target: {fileID: 7092187730555432948, guid: c43323f6aa9cca4428862625234b175c,
        type: 3}
      propertyPath: m_LocalRotation.y
      value: -0
      objectReference: {fileID: 0}
    - target: {fileID: 7092187730555432948, guid: c43323f6aa9cca4428862625234b175c,
        type: 3}
      propertyPath: m_LocalRotation.z
      value: -0
      objectReference: {fileID: 0}
    - target: {fileID: 7092187730555432948, guid: c43323f6aa9cca4428862625234b175c,
        type: 3}
      propertyPath: m_LocalRotation.w
      value: 1
      objectReference: {fileID: 0}
    - target: {fileID: 7092187730555432948, guid: c43323f6aa9cca4428862625234b175c,
        type: 3}
      propertyPath: m_RootOrder
      value: 2
      objectReference: {fileID: 0}
    - target: {fileID: 7092187730555432948, guid: c43323f6aa9cca4428862625234b175c,
        type: 3}
      propertyPath: m_LocalEulerAnglesHint.x
      value: 0
      objectReference: {fileID: 0}
    - target: {fileID: 7092187730555432948, guid: c43323f6aa9cca4428862625234b175c,
        type: 3}
      propertyPath: m_LocalEulerAnglesHint.y
      value: 0
      objectReference: {fileID: 0}
    - target: {fileID: 7092187730555432948, guid: c43323f6aa9cca4428862625234b175c,
        type: 3}
      propertyPath: m_LocalEulerAnglesHint.z
      value: 0
      objectReference: {fileID: 0}
    - target: {fileID: 7092187730555432948, guid: c43323f6aa9cca4428862625234b175c,
        type: 3}
      propertyPath: m_AnchoredPosition.x
      value: 0
      objectReference: {fileID: 0}
    - target: {fileID: 7092187730555432948, guid: c43323f6aa9cca4428862625234b175c,
        type: 3}
      propertyPath: m_AnchoredPosition.y
      value: 0
      objectReference: {fileID: 0}
    - target: {fileID: 7092187730555432948, guid: c43323f6aa9cca4428862625234b175c,
        type: 3}
      propertyPath: m_SizeDelta.x
      value: 0
      objectReference: {fileID: 0}
    - target: {fileID: 7092187730555432948, guid: c43323f6aa9cca4428862625234b175c,
        type: 3}
      propertyPath: m_SizeDelta.y
      value: 0
      objectReference: {fileID: 0}
    - target: {fileID: 7092187730555432948, guid: c43323f6aa9cca4428862625234b175c,
        type: 3}
      propertyPath: m_AnchorMin.x
      value: 0
      objectReference: {fileID: 0}
    - target: {fileID: 7092187730555432948, guid: c43323f6aa9cca4428862625234b175c,
        type: 3}
      propertyPath: m_AnchorMin.y
      value: 0
      objectReference: {fileID: 0}
    - target: {fileID: 7092187730555432948, guid: c43323f6aa9cca4428862625234b175c,
        type: 3}
      propertyPath: m_AnchorMax.x
      value: 0
      objectReference: {fileID: 0}
    - target: {fileID: 7092187730555432948, guid: c43323f6aa9cca4428862625234b175c,
        type: 3}
      propertyPath: m_AnchorMax.y
      value: 0
      objectReference: {fileID: 0}
    - target: {fileID: 7092187730555432948, guid: c43323f6aa9cca4428862625234b175c,
        type: 3}
      propertyPath: m_Pivot.x
      value: 0.5
      objectReference: {fileID: 0}
    - target: {fileID: 7092187730555432948, guid: c43323f6aa9cca4428862625234b175c,
        type: 3}
      propertyPath: m_Pivot.y
      value: 0.5
      objectReference: {fileID: 0}
    - target: {fileID: 7531997912157299779, guid: c43323f6aa9cca4428862625234b175c,
        type: 3}
      propertyPath: m_AnchoredPosition.y
      value: 26.284
      objectReference: {fileID: 0}
    - target: {fileID: 7531997912157299779, guid: c43323f6aa9cca4428862625234b175c,
        type: 3}
      propertyPath: m_SizeDelta.y
      value: 52.56888
      objectReference: {fileID: 0}
    - target: {fileID: 7745604712189290595, guid: c43323f6aa9cca4428862625234b175c,
        type: 3}
      propertyPath: m_AnchoredPosition.y
      value: -20.000008
      objectReference: {fileID: 0}
    m_RemovedComponents: []
  m_SourcePrefab: {fileID: 100100000, guid: c43323f6aa9cca4428862625234b175c, type: 3}
--- !u!224 &6899206388559594536 stripped
RectTransform:
  m_CorrespondingSourceObject: {fileID: 7092187730555432948, guid: c43323f6aa9cca4428862625234b175c,
    type: 3}
  m_PrefabInstance: {fileID: 4454733491435776988}
  m_PrefabAsset: {fileID: 0}
--- !u!1001 &4741073482365317962
PrefabInstance:
  m_ObjectHideFlags: 0
  serializedVersion: 2
  m_Modification:
    m_TransformParent: {fileID: 2997798568078180464}
    m_Modifications:
    - target: {fileID: 241261432774768593, guid: c43323f6aa9cca4428862625234b175c,
        type: 3}
      propertyPath: m_Name
      value: ShopItemSlot (1)
      objectReference: {fileID: 0}
    - target: {fileID: 1222877454350805394, guid: c43323f6aa9cca4428862625234b175c,
        type: 3}
      propertyPath: m_Sprite
      value: 
      objectReference: {fileID: 21300000, guid: 8266d43806431244ab20e4ea0747f512,
        type: 3}
    - target: {fileID: 2673230546620795704, guid: c43323f6aa9cca4428862625234b175c,
        type: 3}
      propertyPath: m_AnchoredPosition.y
      value: 7.5
      objectReference: {fileID: 0}
    - target: {fileID: 4994170042018427886, guid: c43323f6aa9cca4428862625234b175c,
        type: 3}
      propertyPath: _shopId
      value: 5002
      objectReference: {fileID: 0}
    - target: {fileID: 4994170042018427886, guid: c43323f6aa9cca4428862625234b175c,
        type: 3}
      propertyPath: _itemCategory
      value: 1
      objectReference: {fileID: 0}
    - target: {fileID: 4994170042018427886, guid: c43323f6aa9cca4428862625234b175c,
        type: 3}
      propertyPath: _itemCount
      value: 10000
      objectReference: {fileID: 0}
    - target: {fileID: 4994170042018427886, guid: c43323f6aa9cca4428862625234b175c,
        type: 3}
      propertyPath: _goods
      value: 2
      objectReference: {fileID: 0}
    - target: {fileID: 4994170042018427886, guid: c43323f6aa9cca4428862625234b175c,
        type: 3}
      propertyPath: _price
      value: 500
      objectReference: {fileID: 0}
    - target: {fileID: 4994170042018427886, guid: c43323f6aa9cca4428862625234b175c,
        type: 3}
      propertyPath: _itemId
      value: 1
      objectReference: {fileID: 0}
    - target: {fileID: 7092187730555432948, guid: c43323f6aa9cca4428862625234b175c,
        type: 3}
      propertyPath: m_LocalPosition.x
      value: 0
      objectReference: {fileID: 0}
    - target: {fileID: 7092187730555432948, guid: c43323f6aa9cca4428862625234b175c,
        type: 3}
      propertyPath: m_LocalPosition.y
      value: 0
      objectReference: {fileID: 0}
    - target: {fileID: 7092187730555432948, guid: c43323f6aa9cca4428862625234b175c,
        type: 3}
      propertyPath: m_LocalPosition.z
      value: 0
      objectReference: {fileID: 0}
    - target: {fileID: 7092187730555432948, guid: c43323f6aa9cca4428862625234b175c,
        type: 3}
      propertyPath: m_LocalRotation.x
      value: -0
      objectReference: {fileID: 0}
    - target: {fileID: 7092187730555432948, guid: c43323f6aa9cca4428862625234b175c,
        type: 3}
      propertyPath: m_LocalRotation.y
      value: -0
      objectReference: {fileID: 0}
    - target: {fileID: 7092187730555432948, guid: c43323f6aa9cca4428862625234b175c,
        type: 3}
      propertyPath: m_LocalRotation.z
      value: -0
      objectReference: {fileID: 0}
    - target: {fileID: 7092187730555432948, guid: c43323f6aa9cca4428862625234b175c,
        type: 3}
      propertyPath: m_LocalRotation.w
      value: 1
      objectReference: {fileID: 0}
    - target: {fileID: 7092187730555432948, guid: c43323f6aa9cca4428862625234b175c,
        type: 3}
      propertyPath: m_RootOrder
      value: 1
      objectReference: {fileID: 0}
    - target: {fileID: 7092187730555432948, guid: c43323f6aa9cca4428862625234b175c,
        type: 3}
      propertyPath: m_LocalEulerAnglesHint.x
      value: 0
      objectReference: {fileID: 0}
    - target: {fileID: 7092187730555432948, guid: c43323f6aa9cca4428862625234b175c,
        type: 3}
      propertyPath: m_LocalEulerAnglesHint.y
      value: 0
      objectReference: {fileID: 0}
    - target: {fileID: 7092187730555432948, guid: c43323f6aa9cca4428862625234b175c,
        type: 3}
      propertyPath: m_LocalEulerAnglesHint.z
      value: 0
      objectReference: {fileID: 0}
    - target: {fileID: 7092187730555432948, guid: c43323f6aa9cca4428862625234b175c,
        type: 3}
      propertyPath: m_AnchoredPosition.x
      value: 0
      objectReference: {fileID: 0}
    - target: {fileID: 7092187730555432948, guid: c43323f6aa9cca4428862625234b175c,
        type: 3}
      propertyPath: m_AnchoredPosition.y
      value: 0
      objectReference: {fileID: 0}
    - target: {fileID: 7092187730555432948, guid: c43323f6aa9cca4428862625234b175c,
        type: 3}
      propertyPath: m_SizeDelta.x
      value: 0
      objectReference: {fileID: 0}
    - target: {fileID: 7092187730555432948, guid: c43323f6aa9cca4428862625234b175c,
        type: 3}
      propertyPath: m_SizeDelta.y
      value: 0
      objectReference: {fileID: 0}
    - target: {fileID: 7092187730555432948, guid: c43323f6aa9cca4428862625234b175c,
        type: 3}
      propertyPath: m_AnchorMin.x
      value: 0
      objectReference: {fileID: 0}
    - target: {fileID: 7092187730555432948, guid: c43323f6aa9cca4428862625234b175c,
        type: 3}
      propertyPath: m_AnchorMin.y
      value: 0
      objectReference: {fileID: 0}
    - target: {fileID: 7092187730555432948, guid: c43323f6aa9cca4428862625234b175c,
        type: 3}
      propertyPath: m_AnchorMax.x
      value: 0
      objectReference: {fileID: 0}
    - target: {fileID: 7092187730555432948, guid: c43323f6aa9cca4428862625234b175c,
        type: 3}
      propertyPath: m_AnchorMax.y
      value: 0
      objectReference: {fileID: 0}
    - target: {fileID: 7092187730555432948, guid: c43323f6aa9cca4428862625234b175c,
        type: 3}
      propertyPath: m_Pivot.x
      value: 0.5
      objectReference: {fileID: 0}
    - target: {fileID: 7092187730555432948, guid: c43323f6aa9cca4428862625234b175c,
        type: 3}
      propertyPath: m_Pivot.y
      value: 0.5
      objectReference: {fileID: 0}
    - target: {fileID: 7531997912157299779, guid: c43323f6aa9cca4428862625234b175c,
        type: 3}
      propertyPath: m_AnchoredPosition.y
      value: 26.284
      objectReference: {fileID: 0}
    - target: {fileID: 7531997912157299779, guid: c43323f6aa9cca4428862625234b175c,
        type: 3}
      propertyPath: m_SizeDelta.y
      value: 52.56888
      objectReference: {fileID: 0}
    - target: {fileID: 7745604712189290595, guid: c43323f6aa9cca4428862625234b175c,
        type: 3}
      propertyPath: m_AnchoredPosition.y
      value: -20.000008
      objectReference: {fileID: 0}
    m_RemovedComponents: []
  m_SourcePrefab: {fileID: 100100000, guid: c43323f6aa9cca4428862625234b175c, type: 3}
--- !u!224 &2569072813357620414 stripped
RectTransform:
  m_CorrespondingSourceObject: {fileID: 7092187730555432948, guid: c43323f6aa9cca4428862625234b175c,
    type: 3}
  m_PrefabInstance: {fileID: 4741073482365317962}
  m_PrefabAsset: {fileID: 0}
